% References in bibtex format

@book{clocksin2003programming,
  title={Programming in PROLOG},
  author={Clocksin, William F and Mellish, Christopher S},
  year={2003},
  publisher={Springer Science \& Business Media}
}

@book{stroustrup1997,
    title = {The C++ Programming Language},
    author={Bjarne Stroustrup},
    year={2013},
    publisher={Addisson-Wesley}
}